<collection xmlns="http://www.loc.gov/MARC21/slim">
<record>
  <leader>01052nam0a22001931i 450 </leader>
  <controlfield tag="001">IT\ICCU\CNCE\078071</controlfield>
  <controlfield tag="005">20130418000000.0</controlfield>
  <datafield tag="012" ind1=" " ind2=" ">
    <subfield code="a">re&amp;a eae- a-re a-o- (C) 1547 (Q)</subfield>
    <subfield code="2">fei</subfield>
  </datafield>
  <datafield tag="100" ind1=" " ind2=" ">
    <subfield code="a">20130418f1547        0itac0103    ba</subfield>
  </datafield>
  <datafield tag="101" ind1=" " ind2=" ">
    <subfield code="a">ITA</subfield>
  </datafield>
  <datafield tag="102" ind1=" " ind2=" ">
    <subfield code="a">IT</subfield>
  </datafield>
  <datafield tag="200" ind1="1" ind2=" ">
    <subfield code="a">Copia di vna littera venuta di Francia della morte &amp; essequie de&apos;l re christianiss. Francesco primo, &amp; del parlamento, &amp; esortatione che fece al figliuolo a la sua morte, &amp; alli soi baroni, con la creatione del nouo re. Con li bandi, &amp; ordini fatti per el suo regno, &amp; il modo ordinato d&apos;italiani da cauallo, &amp; da piedi alla guardia de sua maesta christianissima</subfield>
  </datafield>
  <datafield tag="210" ind1=" " ind2=" ">
    <subfield code="d">\non prima del 1547!</subfield>
  </datafield>
  <datafield tag="215" ind1=" " ind2=" ">
    <subfield code="a">\4! c.</subfield>
    <subfield code="d">8ʻ</subfield>
  </datafield>
  <datafield tag="300" ind1=" " ind2=" ">
    <subfield code="a">La data di stampa presunta si ricava dall&apos;argomento della pubblicazione, la morte di Francesco I. - Il nome dell&apos;autore si ricava dalla sottoscrizione</subfield>
  </datafield>
  <datafield tag="700" ind1=" " ind2="1">
    <subfield code="a">Marchiano,</subfield>
    <subfield code="b"></subfield>
    <subfield code="3">IT\ICCU\CNCA\015915</subfield>
  </datafield>
  <datafield tag="712" ind1="0" ind2="2">
    <subfield code="a">s.n.</subfield>
    <subfield code="3">IT\ICCU\CNCT\000002</subfield>
    <subfield code="4">650</subfield>
  </datafield>
  <datafield tag="801" ind1=" " ind2="3">
    <subfield code="a">IT</subfield>
    <subfield code="b">ICCU</subfield>
    <subfield code="c">20201115</subfield>
  </datafield>
  <datafield tag="899" ind1=" " ind2=" ">
    <subfield code="a">Biblioteca nazionale Marciana. Venezia</subfield>
    <subfield code="1">VE0049</subfield>
    <subfield code="2">VEA BM</subfield>
  </datafield>
</record>
</collection>
